<record><leader>00000cas a22000007a 4500</leader><controlfield tag="001">9741318</controlfield><controlfield tag="008">830726d18541855nyuwr ne      0    0eng d</controlfield><datafield ind1=" " ind2=" " tag="010"><subfield code="a">sn 83031007 </subfield></datafield><datafield ind1=" " ind2=" " tag="040"><subfield code="a">NPU</subfield><subfield code="b">eng</subfield><subfield code="c">NPU</subfield><subfield code="d">NPX</subfield><subfield code="d">NYS</subfield><subfield code="d">OCL</subfield><subfield code="d">OCLCF</subfield><subfield code="d">OCLCO</subfield></datafield><datafield ind1=" " ind2=" " tag="042"><subfield code="a">msc</subfield></datafield><datafield ind1="0" ind2=" " tag="130"><subfield code="a">Fishkill journal (Fishkill, N.Y. : 1854)</subfield></datafield><datafield ind1="0" ind2="4" tag="245"><subfield code="a">The Fishkill journal.</subfield></datafield><datafield ind1="0" ind2="7" tag="246"><subfield code="a">Fishkill journal and home gazette</subfield><subfield code="f">&lt;Mar. 31, 1855&gt;-</subfield></datafield><datafield ind1="0" ind2="0" tag="246"><subfield code="a">Home gazette</subfield></datafield><datafield ind1=" " ind2=" " tag="260"><subfield code="a">Fishkill, N.Y. :</subfield><subfield code="b">H.A. Guild,</subfield><subfield code="c">1854-</subfield></datafield><datafield ind1=" " ind2=" " tag="300"><subfield code="a">v. ;</subfield><subfield code="c">58-71 cm.</subfield></datafield><datafield ind1=" " ind2=" " tag="310"><subfield code="a">Weekly</subfield></datafield><datafield ind1="0" ind2=" " tag="362"><subfield code="a">Vol. 1, no. 1 (Aug. 5, 1854)-</subfield></datafield><datafield ind1="1" ind2=" " tag="362"><subfield code="a">Ceased in 1855.</subfield><subfield code="z">Cf. Historical sketch and direct. of the Town of Fishkill, 1866.</subfield></datafield><datafield ind1=" " ind2=" " tag="500"><subfield code="a">Published on Saturday.</subfield></datafield><datafield ind1=" " ind2=" " tag="500"><subfield code="a">Publisher: E.H. Leggett, &lt;1855&gt;.</subfield></datafield><datafield ind1=" " ind2="0" tag="651"><subfield code="a">Fishkill (N.Y.)</subfield><subfield code="v">Newspapers.</subfield></datafield><datafield ind1=" " ind2="7" tag="655"><subfield code="a">Newspapers.</subfield><subfield code="2">fast</subfield><subfield code="0">(OCoLC)fst01423814</subfield></datafield><datafield ind1=" " ind2="7" tag="651"><subfield code="a">New York (State)</subfield><subfield code="z">Fishkill.</subfield><subfield code="2">fast</subfield><subfield code="0">(OCoLC)fst01216914</subfield></datafield><datafield ind1=" " ind2=" " tag="752"><subfield code="a">United States</subfield><subfield code="b">New York</subfield><subfield code="c">Dutchess</subfield><subfield code="d">Fishkill.</subfield></datafield><datafield ind1=" " ind2=" " tag="936"><subfield code="a">Apr. 7, 1855 LIC</subfield></datafield></record>